@article{chet,
  title     = {Context-Aware Health Event Prediction via Transition Functions on Dynamic Disease Graphs},
  volume    = {36},
  issn      = {2159-5399},
  url       = {http://dx.doi.org/10.1609/aaai.v36i4.20380},
  doi       = {10.1609/aaai.v36i4.20380},
  number    = {4},
  journal   = {Proceedings of the AAAI Conference on Artificial Intelligence},
  publisher = {Association for the Advancement of Artificial Intelligence (AAAI)},
  author    = {Lu, Chang and Han, Tian and Ning, Yue},
  year      = {2022},
  month     = {Jun},
  pages     = {4567â€“4574}
}

@article{physionet,
 author = {Goldberger, A. L. and Amaral, L. A. N. and Glass, L. and
	   Hausdorff, J. M. and Ivanov, P. Ch. and Mark, R. G. and
	   Mietus, J. E. and Moody, G. B. and Peng, C.-K. and Stanley, H. E.},
 title = {PhysioBank, PhysioToolkit, and PhysioNet: Components of a New
	  Research Resource for Complex Physiologic Signals},
 journal = {Circulation},
 year = {2000},
 volume = {101},
 number = {23},
 pages = {e215--e220},
 note = {Circulation Electronic Pages:
         http://circ.ahajournals.org/content/101/23/e215.full
         PMID:1085218; doi: 10.1161/01.CIR.101.23.e215}
}

@misc{mimic4,
  doi = {10.13026/6MM1-EK67},
  url = {https://physionet.org/content/mimiciv/2.2/},
  author = {Johnson, Alistair and Bulgarelli, Lucas and Pollard, Tom and Horng, Steven and Celi, Leo Anthony and Mark, Roger},
  title = {MIMIC-IV},
  publisher = {PhysioNet},
  year = {2023}
}

@misc{mimic3,
  doi = {10.13026/C2XW26},
  url = {https://physionet.org/content/mimiciii/1.4/},
  author = {Johnson, Alistair and Pollard, Tom and Mark, Roger},
  title = {MIMIC-III Clinical Database},
  publisher = {PhysioNet},
  year = {2023}
}