@article{chet,
  title     = {Context-Aware Health Event Prediction via Transition Functions on Dynamic Disease Graphs},
  volume    = {36},
  issn      = {2159-5399},
  url       = {http://dx.doi.org/10.1609/aaai.v36i4.20380},
  doi       = {10.1609/aaai.v36i4.20380},
  number    = {4},
  journal   = {Proceedings of the AAAI Conference on Artificial Intelligence},
  publisher = {Association for the Advancement of Artificial Intelligence (AAAI)},
  author    = {Lu, Chang and Han, Tian and Ning, Yue},
  year      = {2022},
  month     = {Jun},
  pages     = {4567â€“4574}
}